@article{simultaneousdeeptransfer,
	author    = {Eric Tzeng and
	Judy Hoffman and
	Trevor Darrell and
	Kate Saenko},
	title     = {Simultaneous Deep Transfer Across Domains and Tasks},
	journal   = {CoRR},
	volume    = {abs/1510.02192},
	year      = {2015},
	url       = {http://arxiv.org/abs/1510.02192},
	archivePrefix = {arXiv},
	eprint    = {1510.02192},
	timestamp = {Mon, 13 Aug 2018 16:47:25 +0200},
	biburl    = {https://dblp.org/rec/bib/journals/corr/TzengHDS15},
	bibsource = {dblp computer science bibliography, https://dblp.org}
}
@article{unifieddeepadaptation,
	author    = {Saeid Motiian and
	Marco Piccirilli and
	Donald A. Adjeroh and
	Gianfranco Doretto},
	title     = {Unified Deep Supervised Domain Adaptation and Generalization},
	journal   = {CoRR},
	volume    = {abs/1709.10190},
	year      = {2017},
	url       = {http://arxiv.org/abs/1709.10190},
	archivePrefix = {arXiv},
	eprint    = {1709.10190},
	timestamp = {Mon, 13 Aug 2018 16:46:02 +0200},
	biburl    = {https://dblp.org/rec/bib/journals/corr/abs-1709-10190},
	bibsource = {dblp computer science bibliography, https://dblp.org}
}
@article{fisher,
	author = {Shuicheng Yan,
	Dong Xu,
	Benyu Zhang,
	Hong-Jiang Zhang,
	Qiang Yang and
	Stephen Lin},
	title = {Graph Embedding and Extensions: A General Framework for Dimensionality Reduction},
	journal = {IEEE TRANSACTIONS ON PATTERN ANALYSIS AND MACHINE INTELLIGENCE, VOL. 29},
	year = {2007}
}
@article{deeptransfermetric,
	author= {Junlin Hu1,
	Jiwen Lu,
	Yap-Peng Tan},
	title = {Deep Transfer Metric Learning},
	journal = {IEEE Conference on Computer Vision and Pattern Recognition (CVPR)},
	year = {2015}
}
@article{learningtransferabledeepadaptation,
	author    = {Mingsheng Long and
	Jianmin Wang},
	title     = {Learning Transferable Features with Deep Adaptation Networks},
	journal   = {CoRR},
	volume    = {abs/1502.02791},
	year      = {2015},
	url       = {http://arxiv.org/abs/1502.02791},
	archivePrefix = {arXiv},
	eprint    = {1502.02791},
	timestamp = {Mon, 13 Aug 2018 16:47:12 +0200},
	biburl    = {https://dblp.org/rec/bib/journals/corr/Long015},
	bibsource = {dblp computer science bibliography, https://dblp.org}
}
@article{deepdomainconfusion,
	author    = {Eric Tzeng and
	Judy Hoffman and
	Ning Zhang and
	Kate Saenko and
	Trevor Darrell},
	title     = {Deep Domain Confusion: Maximizing for Domain Invariance},
	journal   = {CoRR},
	volume    = {abs/1412.3474},
	year      = {2014},
	url       = {http://arxiv.org/abs/1412.3474},
	archivePrefix = {arXiv},
	eprint    = {1412.3474},
	timestamp = {Mon, 13 Aug 2018 16:47:09 +0200},
	biburl    = {https://dblp.org/rec/bib/journals/corr/TzengHZSD14},
	bibsource = {dblp computer science bibliography, https://dblp.org}
}}